@article{lecun1998gradient,
	title        = {{Gradient-based learning applied to document recognition}},
	author       = {LeCun, Yann and Bottou, L{\'e}on and Bengio, Yoshua and Haffner, Patrick},
	year         = 1998,
	journal      = {Proceedings of the IEEE},
	publisher    = {Ieee},
	volume       = 86,
	number       = 11,
	pages        = {2278--2324}
}
@article{krizhevsky2012imagenet,
	title        = {{ImageNet Classification with Deep Convolutional Neural Networks}},
	author       = {Krizhevsky, Alex and Sutskever, Ilya and Hinton, Geoffrey E},
	year         = 2012,
	journal      = {Advances in Neural Information Processing Systems},
	volume       = 25
}